[gd_scene load_steps=20 format=2]

[ext_resource path="res://Scripts/Characters/NPCs/Fanbot.gd" type="Script" id=1]
[ext_resource path="res://Resources/Visuals/Characters/New_dawntown/fanboy grid.png" type="Texture" id=2]
[ext_resource path="res://Scenes/Technical/Area_trigger.tscn" type="PackedScene" id=3]
[ext_resource path="res://Resources/UI/speechbubble.png" type="Texture" id=4]
[ext_resource path="res://Resources/Fonts/LoveYaLikeASister-Regular.ttf" type="DynamicFontData" id=5]

[sub_resource type="AtlasTexture" id=3]
flags = 4
atlas = ExtResource( 2 )
region = Rect2( 0, 0, 826, 827 )

[sub_resource type="AtlasTexture" id=4]
flags = 4
atlas = ExtResource( 2 )
region = Rect2( 826, 0, 826, 827 )

[sub_resource type="AtlasTexture" id=5]
flags = 4
atlas = ExtResource( 2 )
region = Rect2( 1652, 0, 826, 827 )

[sub_resource type="AtlasTexture" id=6]
flags = 4
atlas = ExtResource( 2 )
region = Rect2( 0, 827, 826, 827 )

[sub_resource type="AtlasTexture" id=7]
flags = 4
atlas = ExtResource( 2 )
region = Rect2( 826, 827, 826, 827 )

[sub_resource type="AtlasTexture" id=8]
flags = 4
atlas = ExtResource( 2 )
region = Rect2( 1652, 827, 826, 827 )

[sub_resource type="AtlasTexture" id=9]
flags = 4
atlas = ExtResource( 2 )
region = Rect2( 0, 1654, 826, 827 )

[sub_resource type="AtlasTexture" id=10]
flags = 4
atlas = ExtResource( 2 )
region = Rect2( 826, 1654, 826, 827 )

[sub_resource type="AtlasTexture" id=11]
flags = 4
atlas = ExtResource( 2 )
region = Rect2( 1652, 1654, 826, 827 )

[sub_resource type="AtlasTexture" id=12]
flags = 4
atlas = ExtResource( 2 )
region = Rect2( 0, 2481, 826, 827 )

[sub_resource type="AtlasTexture" id=13]
flags = 4
atlas = ExtResource( 2 )
region = Rect2( 826, 2481, 826, 827 )

[sub_resource type="AtlasTexture" id=14]
flags = 4
atlas = ExtResource( 2 )
region = Rect2( 1652, 2481, 826, 827 )

[sub_resource type="SpriteFrames" id=1]
animations = [ {
"frames": [ SubResource( 3 ), SubResource( 4 ), SubResource( 5 ), SubResource( 6 ), SubResource( 7 ), SubResource( 8 ), SubResource( 9 ), SubResource( 10 ), SubResource( 11 ), SubResource( 12 ), SubResource( 13 ), SubResource( 14 ) ],
"loop": true,
"name": "default",
"speed": 6.0
} ]

[sub_resource type="DynamicFont" id=15]
size = 28
use_mipmaps = true
use_filter = true
font_data = ExtResource( 5 )

[node name="NPC" type="Node2D"]
script = ExtResource( 1 )

[node name="AreaTrigger" parent="." instance=ExtResource( 3 )]
scale = Vector2( 10, 8 )

[node name="AnimatedSprite" type="AnimatedSprite" parent="."]
scale = Vector2( 0.5, 0.5 )
frames = SubResource( 1 )
frame = 8
playing = true

[node name="AudioStreamPlayer2D" type="AudioStreamPlayer2D" parent="."]

[node name="PromptBody" type="ColorRect" parent="."]
visible = false
margin_left = -24.0
margin_top = -248.0
margin_right = 171.0
margin_bottom = -208.0
color = Color( 0.396078, 0.345098, 0.345098, 0 )
__meta__ = {
"_edit_use_anchors_": false
}

[node name="speechbubble" type="Sprite" parent="PromptBody"]
self_modulate = Color( 1, 1, 1, 0.94902 )
position = Vector2( 94.0225, 26.933 )
scale = Vector2( 0.153643, 0.111384 )
texture = ExtResource( 4 )

[node name="Prompt" type="Label" parent="PromptBody"]
self_modulate = Color( 0.133333, 0.133333, 0.133333, 1 )
margin_left = -2.17371
margin_top = -0.127907
margin_right = 192.826
margin_bottom = 39.8721
custom_fonts/font = SubResource( 15 )
text = "PRESS 'F' "
align = 1
valign = 1
clip_text = true
__meta__ = {
"_edit_use_anchors_": false
}

[connection signal="trigger_entered" from="AreaTrigger" to="." method="_on_AreaTrigger_trigger_entered"]
[connection signal="trigger_exited" from="AreaTrigger" to="." method="_on_AreaTrigger_trigger_exited"]
