[gd_scene load_steps=7 format=2]

[ext_resource path="res://Scripts/Characters/NPCs/band.gd" type="Script" id=1]
[ext_resource path="res://Resources/UI/speechbubble.png" type="Texture" id=2]
[ext_resource path="res://Scenes/Technical/Area_trigger.tscn" type="PackedScene" id=3]
[ext_resource path="res://Resources/Fonts/LoveYaLikeASister-Regular.ttf" type="DynamicFontData" id=5]

[sub_resource type="SpriteFrames" id=1]
animations = [ {
"frames": [  ],
"loop": true,
"name": "default",
"speed": 6.0
} ]

[sub_resource type="DynamicFont" id=2]
size = 21
use_mipmaps = true
use_filter = true
font_data = ExtResource( 5 )

[node name="NPC" type="Node2D"]
script = ExtResource( 1 )

[node name="AreaTrigger" parent="." instance=ExtResource( 3 )]
scale = Vector2( 10, 8 )

[node name="AnimatedSprite" type="AnimatedSprite" parent="."]
scale = Vector2( 0.5, 0.5 )
frames = SubResource( 1 )
playing = true

[node name="AudioStreamPlayer2D" type="AudioStreamPlayer2D" parent="."]

[node name="PromptBody" type="ColorRect" parent="."]
visible = false
margin_left = -2.9852
margin_top = -208.542
margin_right = 192.015
margin_bottom = -168.542
color = Color( 0.396078, 0.345098, 0.345098, 0 )
__meta__ = {
"_edit_use_anchors_": false
}

[node name="speechbubble" type="Sprite" parent="PromptBody"]
self_modulate = Color( 1, 1, 1, 0.94902 )
position = Vector2( -2.3978, 142.809 )
scale = Vector2( 0.128792, 0.0969637 )
texture = ExtResource( 2 )

[node name="Prompt" type="Label" parent="PromptBody"]
self_modulate = Color( 0.133333, 0.133333, 0.133333, 1 )
margin_left = -95.8077
margin_top = 111.865
margin_right = 99.192
margin_bottom = 163.865
custom_fonts/font = SubResource( 2 )
text = "PRESS 'F' "
align = 1
valign = 1
clip_text = true
__meta__ = {
"_edit_use_anchors_": false
}

[connection signal="trigger_entered" from="AreaTrigger" to="." method="_on_AreaTrigger_trigger_entered"]
[connection signal="trigger_exited" from="AreaTrigger" to="." method="_on_AreaTrigger_trigger_exited"]
