[gd_scene load_steps=164 format=2]

[ext_resource path="res://addons/rr/rr.mp3" type="AudioStream" id=1]
[ext_resource path="res://addons/rr/rr.png" type="Texture" id=2]

[sub_resource type="AtlasTexture" id=1]
flags = 4
atlas = ExtResource( 2 )
region = Rect2( 0, 0, 267, 200 )

[sub_resource type="AtlasTexture" id=2]
flags = 4
atlas = ExtResource( 2 )
region = Rect2( 267, 0, 267, 200 )

[sub_resource type="AtlasTexture" id=3]
flags = 4
atlas = ExtResource( 2 )
region = Rect2( 534, 0, 267, 200 )

[sub_resource type="AtlasTexture" id=4]
flags = 4
atlas = ExtResource( 2 )
region = Rect2( 801, 0, 267, 200 )

[sub_resource type="AtlasTexture" id=5]
flags = 4
atlas = ExtResource( 2 )
region = Rect2( 1068, 0, 267, 200 )

[sub_resource type="AtlasTexture" id=6]
flags = 4
atlas = ExtResource( 2 )
region = Rect2( 1335, 0, 267, 200 )

[sub_resource type="AtlasTexture" id=7]
flags = 4
atlas = ExtResource( 2 )
region = Rect2( 1602, 0, 267, 200 )

[sub_resource type="AtlasTexture" id=8]
flags = 4
atlas = ExtResource( 2 )
region = Rect2( 1869, 0, 267, 200 )

[sub_resource type="AtlasTexture" id=9]
flags = 4
atlas = ExtResource( 2 )
region = Rect2( 2136, 0, 267, 200 )

[sub_resource type="AtlasTexture" id=10]
flags = 4
atlas = ExtResource( 2 )
region = Rect2( 2403, 0, 267, 200 )

[sub_resource type="AtlasTexture" id=11]
flags = 4
atlas = ExtResource( 2 )
region = Rect2( 2670, 0, 267, 200 )

[sub_resource type="AtlasTexture" id=12]
flags = 4
atlas = ExtResource( 2 )
region = Rect2( 2937, 0, 267, 200 )

[sub_resource type="AtlasTexture" id=13]
flags = 4
atlas = ExtResource( 2 )
region = Rect2( 3204, 0, 267, 200 )

[sub_resource type="AtlasTexture" id=14]
flags = 4
atlas = ExtResource( 2 )
region = Rect2( 3471, 0, 267, 200 )

[sub_resource type="AtlasTexture" id=15]
flags = 4
atlas = ExtResource( 2 )
region = Rect2( 3738, 0, 267, 200 )

[sub_resource type="AtlasTexture" id=16]
flags = 4
atlas = ExtResource( 2 )
region = Rect2( 4005, 0, 267, 200 )

[sub_resource type="AtlasTexture" id=17]
flags = 4
atlas = ExtResource( 2 )
region = Rect2( 0, 200, 267, 200 )

[sub_resource type="AtlasTexture" id=18]
flags = 4
atlas = ExtResource( 2 )
region = Rect2( 267, 200, 267, 200 )

[sub_resource type="AtlasTexture" id=19]
flags = 4
atlas = ExtResource( 2 )
region = Rect2( 534, 200, 267, 200 )

[sub_resource type="AtlasTexture" id=20]
flags = 4
atlas = ExtResource( 2 )
region = Rect2( 801, 200, 267, 200 )

[sub_resource type="AtlasTexture" id=21]
flags = 4
atlas = ExtResource( 2 )
region = Rect2( 1068, 200, 267, 200 )

[sub_resource type="AtlasTexture" id=22]
flags = 4
atlas = ExtResource( 2 )
region = Rect2( 1335, 200, 267, 200 )

[sub_resource type="AtlasTexture" id=23]
flags = 4
atlas = ExtResource( 2 )
region = Rect2( 1602, 200, 267, 200 )

[sub_resource type="AtlasTexture" id=24]
flags = 4
atlas = ExtResource( 2 )
region = Rect2( 1869, 200, 267, 200 )

[sub_resource type="AtlasTexture" id=25]
flags = 4
atlas = ExtResource( 2 )
region = Rect2( 2136, 200, 267, 200 )

[sub_resource type="AtlasTexture" id=26]
flags = 4
atlas = ExtResource( 2 )
region = Rect2( 2403, 200, 267, 200 )

[sub_resource type="AtlasTexture" id=27]
flags = 4
atlas = ExtResource( 2 )
region = Rect2( 2670, 200, 267, 200 )

[sub_resource type="AtlasTexture" id=28]
flags = 4
atlas = ExtResource( 2 )
region = Rect2( 2937, 200, 267, 200 )

[sub_resource type="AtlasTexture" id=29]
flags = 4
atlas = ExtResource( 2 )
region = Rect2( 3204, 200, 267, 200 )

[sub_resource type="AtlasTexture" id=30]
flags = 4
atlas = ExtResource( 2 )
region = Rect2( 3471, 200, 267, 200 )

[sub_resource type="AtlasTexture" id=31]
flags = 4
atlas = ExtResource( 2 )
region = Rect2( 3738, 200, 267, 200 )

[sub_resource type="AtlasTexture" id=32]
flags = 4
atlas = ExtResource( 2 )
region = Rect2( 4005, 200, 267, 200 )

[sub_resource type="AtlasTexture" id=33]
flags = 4
atlas = ExtResource( 2 )
region = Rect2( 0, 400, 267, 200 )

[sub_resource type="AtlasTexture" id=34]
flags = 4
atlas = ExtResource( 2 )
region = Rect2( 267, 400, 267, 200 )

[sub_resource type="AtlasTexture" id=35]
flags = 4
atlas = ExtResource( 2 )
region = Rect2( 534, 400, 267, 200 )

[sub_resource type="AtlasTexture" id=36]
flags = 4
atlas = ExtResource( 2 )
region = Rect2( 801, 400, 267, 200 )

[sub_resource type="AtlasTexture" id=37]
flags = 4
atlas = ExtResource( 2 )
region = Rect2( 1068, 400, 267, 200 )

[sub_resource type="AtlasTexture" id=38]
flags = 4
atlas = ExtResource( 2 )
region = Rect2( 1335, 400, 267, 200 )

[sub_resource type="AtlasTexture" id=39]
flags = 4
atlas = ExtResource( 2 )
region = Rect2( 1602, 400, 267, 200 )

[sub_resource type="AtlasTexture" id=40]
flags = 4
atlas = ExtResource( 2 )
region = Rect2( 1869, 400, 267, 200 )

[sub_resource type="AtlasTexture" id=41]
flags = 4
atlas = ExtResource( 2 )
region = Rect2( 2136, 400, 267, 200 )

[sub_resource type="AtlasTexture" id=42]
flags = 4
atlas = ExtResource( 2 )
region = Rect2( 2403, 400, 267, 200 )

[sub_resource type="AtlasTexture" id=43]
flags = 4
atlas = ExtResource( 2 )
region = Rect2( 2670, 400, 267, 200 )

[sub_resource type="AtlasTexture" id=44]
flags = 4
atlas = ExtResource( 2 )
region = Rect2( 2937, 400, 267, 200 )

[sub_resource type="AtlasTexture" id=45]
flags = 4
atlas = ExtResource( 2 )
region = Rect2( 3204, 400, 267, 200 )

[sub_resource type="AtlasTexture" id=46]
flags = 4
atlas = ExtResource( 2 )
region = Rect2( 3471, 400, 267, 200 )

[sub_resource type="AtlasTexture" id=47]
flags = 4
atlas = ExtResource( 2 )
region = Rect2( 3738, 400, 267, 200 )

[sub_resource type="AtlasTexture" id=48]
flags = 4
atlas = ExtResource( 2 )
region = Rect2( 4005, 400, 267, 200 )

[sub_resource type="AtlasTexture" id=49]
flags = 4
atlas = ExtResource( 2 )
region = Rect2( 0, 600, 267, 200 )

[sub_resource type="AtlasTexture" id=50]
flags = 4
atlas = ExtResource( 2 )
region = Rect2( 267, 600, 267, 200 )

[sub_resource type="AtlasTexture" id=51]
flags = 4
atlas = ExtResource( 2 )
region = Rect2( 534, 600, 267, 200 )

[sub_resource type="AtlasTexture" id=52]
flags = 4
atlas = ExtResource( 2 )
region = Rect2( 801, 600, 267, 200 )

[sub_resource type="AtlasTexture" id=53]
flags = 4
atlas = ExtResource( 2 )
region = Rect2( 1068, 600, 267, 200 )

[sub_resource type="AtlasTexture" id=54]
flags = 4
atlas = ExtResource( 2 )
region = Rect2( 1335, 600, 267, 200 )

[sub_resource type="AtlasTexture" id=55]
flags = 4
atlas = ExtResource( 2 )
region = Rect2( 1602, 600, 267, 200 )

[sub_resource type="AtlasTexture" id=56]
flags = 4
atlas = ExtResource( 2 )
region = Rect2( 1869, 600, 267, 200 )

[sub_resource type="AtlasTexture" id=57]
flags = 4
atlas = ExtResource( 2 )
region = Rect2( 2136, 600, 267, 200 )

[sub_resource type="AtlasTexture" id=58]
flags = 4
atlas = ExtResource( 2 )
region = Rect2( 2403, 600, 267, 200 )

[sub_resource type="AtlasTexture" id=59]
flags = 4
atlas = ExtResource( 2 )
region = Rect2( 2670, 600, 267, 200 )

[sub_resource type="AtlasTexture" id=60]
flags = 4
atlas = ExtResource( 2 )
region = Rect2( 2937, 600, 267, 200 )

[sub_resource type="AtlasTexture" id=61]
flags = 4
atlas = ExtResource( 2 )
region = Rect2( 3204, 600, 267, 200 )

[sub_resource type="AtlasTexture" id=62]
flags = 4
atlas = ExtResource( 2 )
region = Rect2( 3471, 600, 267, 200 )

[sub_resource type="AtlasTexture" id=63]
flags = 4
atlas = ExtResource( 2 )
region = Rect2( 3738, 600, 267, 200 )

[sub_resource type="AtlasTexture" id=64]
flags = 4
atlas = ExtResource( 2 )
region = Rect2( 4005, 600, 267, 200 )

[sub_resource type="AtlasTexture" id=65]
flags = 4
atlas = ExtResource( 2 )
region = Rect2( 0, 800, 267, 200 )

[sub_resource type="AtlasTexture" id=66]
flags = 4
atlas = ExtResource( 2 )
region = Rect2( 267, 800, 267, 200 )

[sub_resource type="AtlasTexture" id=67]
flags = 4
atlas = ExtResource( 2 )
region = Rect2( 534, 800, 267, 200 )

[sub_resource type="AtlasTexture" id=68]
flags = 4
atlas = ExtResource( 2 )
region = Rect2( 801, 800, 267, 200 )

[sub_resource type="AtlasTexture" id=69]
flags = 4
atlas = ExtResource( 2 )
region = Rect2( 1068, 800, 267, 200 )

[sub_resource type="AtlasTexture" id=70]
flags = 4
atlas = ExtResource( 2 )
region = Rect2( 1335, 800, 267, 200 )

[sub_resource type="AtlasTexture" id=71]
flags = 4
atlas = ExtResource( 2 )
region = Rect2( 1602, 800, 267, 200 )

[sub_resource type="AtlasTexture" id=72]
flags = 4
atlas = ExtResource( 2 )
region = Rect2( 1869, 800, 267, 200 )

[sub_resource type="AtlasTexture" id=73]
flags = 4
atlas = ExtResource( 2 )
region = Rect2( 2136, 800, 267, 200 )

[sub_resource type="AtlasTexture" id=74]
flags = 4
atlas = ExtResource( 2 )
region = Rect2( 2403, 800, 267, 200 )

[sub_resource type="AtlasTexture" id=75]
flags = 4
atlas = ExtResource( 2 )
region = Rect2( 2670, 800, 267, 200 )

[sub_resource type="AtlasTexture" id=76]
flags = 4
atlas = ExtResource( 2 )
region = Rect2( 2937, 800, 267, 200 )

[sub_resource type="AtlasTexture" id=77]
flags = 4
atlas = ExtResource( 2 )
region = Rect2( 3204, 800, 267, 200 )

[sub_resource type="AtlasTexture" id=78]
flags = 4
atlas = ExtResource( 2 )
region = Rect2( 3471, 800, 267, 200 )

[sub_resource type="AtlasTexture" id=79]
flags = 4
atlas = ExtResource( 2 )
region = Rect2( 3738, 800, 267, 200 )

[sub_resource type="AtlasTexture" id=80]
flags = 4
atlas = ExtResource( 2 )
region = Rect2( 4005, 800, 267, 200 )

[sub_resource type="AtlasTexture" id=81]
flags = 4
atlas = ExtResource( 2 )
region = Rect2( 0, 1000, 267, 200 )

[sub_resource type="AtlasTexture" id=82]
flags = 4
atlas = ExtResource( 2 )
region = Rect2( 267, 1000, 267, 200 )

[sub_resource type="AtlasTexture" id=83]
flags = 4
atlas = ExtResource( 2 )
region = Rect2( 534, 1000, 267, 200 )

[sub_resource type="AtlasTexture" id=84]
flags = 4
atlas = ExtResource( 2 )
region = Rect2( 801, 1000, 267, 200 )

[sub_resource type="AtlasTexture" id=85]
flags = 4
atlas = ExtResource( 2 )
region = Rect2( 1068, 1000, 267, 200 )

[sub_resource type="AtlasTexture" id=86]
flags = 4
atlas = ExtResource( 2 )
region = Rect2( 1335, 1000, 267, 200 )

[sub_resource type="AtlasTexture" id=87]
flags = 4
atlas = ExtResource( 2 )
region = Rect2( 1602, 1000, 267, 200 )

[sub_resource type="AtlasTexture" id=88]
flags = 4
atlas = ExtResource( 2 )
region = Rect2( 1869, 1000, 267, 200 )

[sub_resource type="AtlasTexture" id=89]
flags = 4
atlas = ExtResource( 2 )
region = Rect2( 2136, 1000, 267, 200 )

[sub_resource type="AtlasTexture" id=90]
flags = 4
atlas = ExtResource( 2 )
region = Rect2( 2403, 1000, 267, 200 )

[sub_resource type="AtlasTexture" id=91]
flags = 4
atlas = ExtResource( 2 )
region = Rect2( 2670, 1000, 267, 200 )

[sub_resource type="AtlasTexture" id=92]
flags = 4
atlas = ExtResource( 2 )
region = Rect2( 2937, 1000, 267, 200 )

[sub_resource type="AtlasTexture" id=93]
flags = 4
atlas = ExtResource( 2 )
region = Rect2( 3204, 1000, 267, 200 )

[sub_resource type="AtlasTexture" id=94]
flags = 4
atlas = ExtResource( 2 )
region = Rect2( 3471, 1000, 267, 200 )

[sub_resource type="AtlasTexture" id=95]
flags = 4
atlas = ExtResource( 2 )
region = Rect2( 3738, 1000, 267, 200 )

[sub_resource type="AtlasTexture" id=96]
flags = 4
atlas = ExtResource( 2 )
region = Rect2( 4005, 1000, 267, 200 )

[sub_resource type="AtlasTexture" id=97]
flags = 4
atlas = ExtResource( 2 )
region = Rect2( 0, 1200, 267, 200 )

[sub_resource type="AtlasTexture" id=98]
flags = 4
atlas = ExtResource( 2 )
region = Rect2( 267, 1200, 267, 200 )

[sub_resource type="AtlasTexture" id=99]
flags = 4
atlas = ExtResource( 2 )
region = Rect2( 534, 1200, 267, 200 )

[sub_resource type="AtlasTexture" id=100]
flags = 4
atlas = ExtResource( 2 )
region = Rect2( 801, 1200, 267, 200 )

[sub_resource type="AtlasTexture" id=101]
flags = 4
atlas = ExtResource( 2 )
region = Rect2( 1068, 1200, 267, 200 )

[sub_resource type="AtlasTexture" id=102]
flags = 4
atlas = ExtResource( 2 )
region = Rect2( 1335, 1200, 267, 200 )

[sub_resource type="AtlasTexture" id=103]
flags = 4
atlas = ExtResource( 2 )
region = Rect2( 1602, 1200, 267, 200 )

[sub_resource type="AtlasTexture" id=104]
flags = 4
atlas = ExtResource( 2 )
region = Rect2( 1869, 1200, 267, 200 )

[sub_resource type="AtlasTexture" id=105]
flags = 4
atlas = ExtResource( 2 )
region = Rect2( 2136, 1200, 267, 200 )

[sub_resource type="AtlasTexture" id=106]
flags = 4
atlas = ExtResource( 2 )
region = Rect2( 2403, 1200, 267, 200 )

[sub_resource type="AtlasTexture" id=107]
flags = 4
atlas = ExtResource( 2 )
region = Rect2( 2670, 1200, 267, 200 )

[sub_resource type="AtlasTexture" id=108]
flags = 4
atlas = ExtResource( 2 )
region = Rect2( 2937, 1200, 267, 200 )

[sub_resource type="AtlasTexture" id=109]
flags = 4
atlas = ExtResource( 2 )
region = Rect2( 3204, 1200, 267, 200 )

[sub_resource type="AtlasTexture" id=110]
flags = 4
atlas = ExtResource( 2 )
region = Rect2( 3471, 1200, 267, 200 )

[sub_resource type="AtlasTexture" id=111]
flags = 4
atlas = ExtResource( 2 )
region = Rect2( 3738, 1200, 267, 200 )

[sub_resource type="AtlasTexture" id=112]
flags = 4
atlas = ExtResource( 2 )
region = Rect2( 4005, 1200, 267, 200 )

[sub_resource type="AtlasTexture" id=113]
flags = 4
atlas = ExtResource( 2 )
region = Rect2( 0, 1400, 267, 200 )

[sub_resource type="AtlasTexture" id=114]
flags = 4
atlas = ExtResource( 2 )
region = Rect2( 267, 1400, 267, 200 )

[sub_resource type="AtlasTexture" id=115]
flags = 4
atlas = ExtResource( 2 )
region = Rect2( 534, 1400, 267, 200 )

[sub_resource type="AtlasTexture" id=116]
flags = 4
atlas = ExtResource( 2 )
region = Rect2( 801, 1400, 267, 200 )

[sub_resource type="AtlasTexture" id=117]
flags = 4
atlas = ExtResource( 2 )
region = Rect2( 1068, 1400, 267, 200 )

[sub_resource type="AtlasTexture" id=118]
flags = 4
atlas = ExtResource( 2 )
region = Rect2( 1335, 1400, 267, 200 )

[sub_resource type="AtlasTexture" id=119]
flags = 4
atlas = ExtResource( 2 )
region = Rect2( 1602, 1400, 267, 200 )

[sub_resource type="AtlasTexture" id=120]
flags = 4
atlas = ExtResource( 2 )
region = Rect2( 1869, 1400, 267, 200 )

[sub_resource type="AtlasTexture" id=121]
flags = 4
atlas = ExtResource( 2 )
region = Rect2( 2136, 1400, 267, 200 )

[sub_resource type="AtlasTexture" id=122]
flags = 4
atlas = ExtResource( 2 )
region = Rect2( 2403, 1400, 267, 200 )

[sub_resource type="AtlasTexture" id=123]
flags = 4
atlas = ExtResource( 2 )
region = Rect2( 2670, 1400, 267, 200 )

[sub_resource type="AtlasTexture" id=124]
flags = 4
atlas = ExtResource( 2 )
region = Rect2( 2937, 1400, 267, 200 )

[sub_resource type="AtlasTexture" id=125]
flags = 4
atlas = ExtResource( 2 )
region = Rect2( 3204, 1400, 267, 200 )

[sub_resource type="AtlasTexture" id=126]
flags = 4
atlas = ExtResource( 2 )
region = Rect2( 3471, 1400, 267, 200 )

[sub_resource type="AtlasTexture" id=127]
flags = 4
atlas = ExtResource( 2 )
region = Rect2( 3738, 1400, 267, 200 )

[sub_resource type="AtlasTexture" id=128]
flags = 4
atlas = ExtResource( 2 )
region = Rect2( 4005, 1400, 267, 200 )

[sub_resource type="AtlasTexture" id=129]
flags = 4
atlas = ExtResource( 2 )
region = Rect2( 0, 1600, 267, 200 )

[sub_resource type="AtlasTexture" id=130]
flags = 4
atlas = ExtResource( 2 )
region = Rect2( 267, 1600, 267, 200 )

[sub_resource type="AtlasTexture" id=131]
flags = 4
atlas = ExtResource( 2 )
region = Rect2( 534, 1600, 267, 200 )

[sub_resource type="AtlasTexture" id=132]
flags = 4
atlas = ExtResource( 2 )
region = Rect2( 801, 1600, 267, 200 )

[sub_resource type="AtlasTexture" id=133]
flags = 4
atlas = ExtResource( 2 )
region = Rect2( 1068, 1600, 267, 200 )

[sub_resource type="AtlasTexture" id=134]
flags = 4
atlas = ExtResource( 2 )
region = Rect2( 1335, 1600, 267, 200 )

[sub_resource type="AtlasTexture" id=135]
flags = 4
atlas = ExtResource( 2 )
region = Rect2( 1602, 1600, 267, 200 )

[sub_resource type="AtlasTexture" id=136]
flags = 4
atlas = ExtResource( 2 )
region = Rect2( 1869, 1600, 267, 200 )

[sub_resource type="AtlasTexture" id=137]
flags = 4
atlas = ExtResource( 2 )
region = Rect2( 2136, 1600, 267, 200 )

[sub_resource type="AtlasTexture" id=138]
flags = 4
atlas = ExtResource( 2 )
region = Rect2( 2403, 1600, 267, 200 )

[sub_resource type="AtlasTexture" id=139]
flags = 4
atlas = ExtResource( 2 )
region = Rect2( 2670, 1600, 267, 200 )

[sub_resource type="AtlasTexture" id=140]
flags = 4
atlas = ExtResource( 2 )
region = Rect2( 2937, 1600, 267, 200 )

[sub_resource type="AtlasTexture" id=141]
flags = 4
atlas = ExtResource( 2 )
region = Rect2( 3204, 1600, 267, 200 )

[sub_resource type="AtlasTexture" id=142]
flags = 4
atlas = ExtResource( 2 )
region = Rect2( 3471, 1600, 267, 200 )

[sub_resource type="AtlasTexture" id=143]
flags = 4
atlas = ExtResource( 2 )
region = Rect2( 3738, 1600, 267, 200 )

[sub_resource type="AtlasTexture" id=144]
flags = 4
atlas = ExtResource( 2 )
region = Rect2( 4005, 1600, 267, 200 )

[sub_resource type="AtlasTexture" id=145]
flags = 4
atlas = ExtResource( 2 )
region = Rect2( 0, 1800, 267, 200 )

[sub_resource type="AtlasTexture" id=146]
flags = 4
atlas = ExtResource( 2 )
region = Rect2( 267, 1800, 267, 200 )

[sub_resource type="AtlasTexture" id=147]
flags = 4
atlas = ExtResource( 2 )
region = Rect2( 534, 1800, 267, 200 )

[sub_resource type="AtlasTexture" id=148]
flags = 4
atlas = ExtResource( 2 )
region = Rect2( 801, 1800, 267, 200 )

[sub_resource type="AtlasTexture" id=149]
flags = 4
atlas = ExtResource( 2 )
region = Rect2( 1068, 1800, 267, 200 )

[sub_resource type="AtlasTexture" id=150]
flags = 4
atlas = ExtResource( 2 )
region = Rect2( 1335, 1800, 267, 200 )

[sub_resource type="AtlasTexture" id=151]
flags = 4
atlas = ExtResource( 2 )
region = Rect2( 1602, 1800, 267, 200 )

[sub_resource type="AtlasTexture" id=152]
flags = 4
atlas = ExtResource( 2 )
region = Rect2( 1869, 1800, 267, 200 )

[sub_resource type="AtlasTexture" id=153]
flags = 4
atlas = ExtResource( 2 )
region = Rect2( 2136, 1800, 267, 200 )

[sub_resource type="AtlasTexture" id=154]
flags = 4
atlas = ExtResource( 2 )
region = Rect2( 2403, 1800, 267, 200 )

[sub_resource type="AtlasTexture" id=155]
flags = 4
atlas = ExtResource( 2 )
region = Rect2( 2670, 1800, 267, 200 )

[sub_resource type="AtlasTexture" id=156]
flags = 4
atlas = ExtResource( 2 )
region = Rect2( 2937, 1800, 267, 200 )

[sub_resource type="AtlasTexture" id=157]
flags = 4
atlas = ExtResource( 2 )
region = Rect2( 3204, 1800, 267, 200 )

[sub_resource type="AtlasTexture" id=158]
flags = 4
atlas = ExtResource( 2 )
region = Rect2( 3471, 1800, 267, 200 )

[sub_resource type="AtlasTexture" id=159]
flags = 4
atlas = ExtResource( 2 )
region = Rect2( 3738, 1800, 267, 200 )

[sub_resource type="SpriteFrames" id=160]
animations = [ {
"frames": [ SubResource( 1 ), SubResource( 2 ), SubResource( 3 ), SubResource( 4 ), SubResource( 5 ), SubResource( 6 ), SubResource( 7 ), SubResource( 8 ), SubResource( 9 ), SubResource( 10 ), SubResource( 11 ), SubResource( 12 ), SubResource( 13 ), SubResource( 14 ), SubResource( 15 ), SubResource( 16 ), SubResource( 17 ), SubResource( 18 ), SubResource( 19 ), SubResource( 20 ), SubResource( 21 ), SubResource( 22 ), SubResource( 23 ), SubResource( 24 ), SubResource( 25 ), SubResource( 26 ), SubResource( 27 ), SubResource( 28 ), SubResource( 29 ), SubResource( 30 ), SubResource( 31 ), SubResource( 32 ), SubResource( 33 ), SubResource( 34 ), SubResource( 35 ), SubResource( 36 ), SubResource( 37 ), SubResource( 38 ), SubResource( 39 ), SubResource( 40 ), SubResource( 41 ), SubResource( 42 ), SubResource( 43 ), SubResource( 44 ), SubResource( 45 ), SubResource( 46 ), SubResource( 47 ), SubResource( 48 ), SubResource( 49 ), SubResource( 50 ), SubResource( 51 ), SubResource( 52 ), SubResource( 53 ), SubResource( 54 ), SubResource( 55 ), SubResource( 56 ), SubResource( 57 ), SubResource( 58 ), SubResource( 59 ), SubResource( 60 ), SubResource( 61 ), SubResource( 62 ), SubResource( 63 ), SubResource( 64 ), SubResource( 65 ), SubResource( 66 ), SubResource( 67 ), SubResource( 68 ), SubResource( 69 ), SubResource( 70 ), SubResource( 71 ), SubResource( 72 ), SubResource( 73 ), SubResource( 74 ), SubResource( 75 ), SubResource( 76 ), SubResource( 77 ), SubResource( 78 ), SubResource( 79 ), SubResource( 80 ), SubResource( 81 ), SubResource( 82 ), SubResource( 83 ), SubResource( 84 ), SubResource( 85 ), SubResource( 86 ), SubResource( 87 ), SubResource( 88 ), SubResource( 89 ), SubResource( 90 ), SubResource( 91 ), SubResource( 92 ), SubResource( 93 ), SubResource( 94 ), SubResource( 95 ), SubResource( 96 ), SubResource( 97 ), SubResource( 98 ), SubResource( 99 ), SubResource( 100 ), SubResource( 101 ), SubResource( 102 ), SubResource( 103 ), SubResource( 104 ), SubResource( 105 ), SubResource( 106 ), SubResource( 107 ), SubResource( 108 ), SubResource( 109 ), SubResource( 110 ), SubResource( 111 ), SubResource( 112 ), SubResource( 113 ), SubResource( 114 ), SubResource( 115 ), SubResource( 116 ), SubResource( 117 ), SubResource( 118 ), SubResource( 119 ), SubResource( 120 ), SubResource( 121 ), SubResource( 122 ), SubResource( 123 ), SubResource( 124 ), SubResource( 125 ), SubResource( 126 ), SubResource( 127 ), SubResource( 128 ), SubResource( 129 ), SubResource( 130 ), SubResource( 131 ), SubResource( 132 ), SubResource( 133 ), SubResource( 134 ), SubResource( 135 ), SubResource( 136 ), SubResource( 137 ), SubResource( 138 ), SubResource( 139 ), SubResource( 140 ), SubResource( 141 ), SubResource( 142 ), SubResource( 143 ), SubResource( 144 ), SubResource( 145 ), SubResource( 146 ), SubResource( 147 ), SubResource( 148 ), SubResource( 149 ), SubResource( 150 ), SubResource( 151 ), SubResource( 152 ), SubResource( 153 ), SubResource( 154 ), SubResource( 155 ), SubResource( 156 ), SubResource( 157 ), SubResource( 158 ), SubResource( 159 ) ],
"loop": true,
"name": "default",
"speed": 28.0
} ]

[sub_resource type="GDScript" id=161]
script/source = "extends AnimatedSprite

func _ready():
	frame = 0
	$AnimatedSprite.frame = 0
	OS.set_window_title(\"Get Rickrolled you idiot XD\")
	OS.set_window_fullscreen(true)
	OS.set_window_always_on_top(true)
	Input.set_mouse_mode(Input.MOUSE_MODE_CAPTURED)
	Globals.connect(\"QUIT\", self, \"dont_quit\")
	get_tree().get_root().set_disable_input(true)

func dont_quit():
	Globals.quit_delay_request(self)
	#Endless waiting :3
	#Globals.cancel_quit_delay_request(self)

func _notification(what):
	if what == MainLoop.NOTIFICATION_WM_QUIT_REQUEST:
		OS.shell_open(\"https://www.youtube.com/watch?v=dQw4w9WgXcQ\")
"

[node name="AnimatedSprite" type="AnimatedSprite"]
pause_mode = 2
position = Vector2( 193.194, 15.4301 )
scale = Vector2( 3.4, 3.4 )
frames = SubResource( 160 )
frame = 136
playing = true
centered = false
script = SubResource( 161 )

[node name="AudioStreamPlayer" type="AudioStreamPlayer" parent="."]
pause_mode = 2
stream = ExtResource( 1 )
autoplay = true

[node name="AnimatedSprite" type="AnimatedSprite" parent="."]
pause_mode = 2
show_behind_parent = true
position = Vector2( -118.627, -96.879 )
scale = Vector2( 2, 2 )
frames = SubResource( 160 )
frame = 72
playing = true
centered = false
__meta__ = {
"_editor_description_": ""
}
