[gd_scene load_steps=95 format=2]

[ext_resource path="res://Resources/Visuals/Environment/New Dawntown/zdi/dawntown_wall_laborka_topend_3.png" type="Texture" id=1]
[ext_resource path="res://Scenes/Characters/NPCs/heaven/scientist1.tscn" type="PackedScene" id=2]
[ext_resource path="res://Resources/Visuals/Environment/New Dawntown/zdi/dawntown_wall_laborka_toprightend_3.png" type="Texture" id=3]
[ext_resource path="res://Resources/Visuals/Environment/New Dawntown/zdi/dawntown_wall_laborka_rightend_3.png" type="Texture" id=4]
[ext_resource path="res://Resources/Visuals/Environment/New Dawntown/zdi/dawntown_wall_laborka_topleftend_3.png" type="Texture" id=5]
[ext_resource path="res://Resources/Visuals/Environment/New Dawntown/zdi/dawntown_wall_laborka_leftend_3.png" type="Texture" id=6]
[ext_resource path="res://Resources/Visuals/Environment/New Dawntown/zdi/dawntown_wall_laborka_noend_2.png" type="Texture" id=7]
[ext_resource path="res://Resources/Visuals/Environment/New Dawntown/zdi/dawntown_wall_laborka_noend_3.png" type="Texture" id=8]
[ext_resource path="res://Resources/Visuals/Environment/New Dawntown/liany na dum 2.png" type="Texture" id=9]
[ext_resource path="res://Scenes/Characters/Player/Player.tscn" type="PackedScene" id=10]
[ext_resource path="res://Resources/Visuals/Environment/New Dawntown/zdi/dawntown_zaplata_laborka_2.png" type="Texture" id=11]
[ext_resource path="res://Resources/Visuals/Environment/New Dawntown/zdi/dawntown_zaplata_laborka.png" type="Texture" id=12]
[ext_resource path="res://Resources/Visuals/Environment/New Dawntown/booth_3.png" type="Texture" id=13]
[ext_resource path="res://Resources/Visuals/Environment/New Dawntown/dawntown_laborka_police_stojici.png" type="Texture" id=14]
[ext_resource path="res://Resources/Visuals/Common/Light/light_ball.png" type="Texture" id=15]
[ext_resource path="res://Resources/Visuals/Environment/New Dawntown/el.kavovar_gridded.png" type="Texture" id=16]
[ext_resource path="res://Resources/Visuals/Environment/New Dawntown/dawntown_laborka_stul.png" type="Texture" id=17]
[ext_resource path="res://Resources/Visuals/Environment/New Dawntown/dawntown_laborka_stul_2.png" type="Texture" id=18]
[ext_resource path="res://Resources/Visuals/Environment/New Dawntown/dawntown_laborka_police_nazed_2.png" type="Texture" id=19]
[ext_resource path="res://Resources/Visuals/Environment/Heaven/lights/lamp_2.png" type="Texture" id=20]
[ext_resource path="res://Resources/Visuals/Common/Light/light_cone.png" type="Texture" id=21]
[ext_resource path="res://Resources/Visuals/Environment/Heaven/platforms/fire_doingshit.png" type="Texture" id=22]
[ext_resource path="res://Resources/Visuals/Environment/New Dawntown/světla-laboratoř.png" type="Texture" id=23]
[ext_resource path="res://Resources/Visuals/Environment/New Dawntown/slozenepapiry-laborka.png" type="Texture" id=24]
[ext_resource path="res://Resources/Visuals/Environment/New Dawntown/papiry-laborka.png" type="Texture" id=25]
[ext_resource path="res://Resources/Visuals/Environment/New Dawntown/perko-laborka.png" type="Texture" id=26]
[ext_resource path="res://Resources/Visuals/Environment/Common/shadow/shadowobdelnik200.png" type="Texture" id=27]
[ext_resource path="res://Scenes/Props/Environment/Scene_door.tscn" type="PackedScene" id=28]
[ext_resource path="res://Resources/Visuals/Environment/New Dawntown/lahvicka_2.png" type="Texture" id=29]
[ext_resource path="res://Resources/Visuals/Environment/New Dawntown/lahvicka_1.png" type="Texture" id=30]
[ext_resource path="res://Resources/Visuals/Environment/Heaven/misc/vez_boss-heaven.png" type="Texture" id=31]
[ext_resource path="res://Scripts/Levels/Level_Heaven_5.gd" type="Script" id=32]
[ext_resource path="res://Resources/Visuals/Environment/Heaven/misc/nos_animace_vez_boss-heaven.png" type="Texture" id=33]
[ext_resource path="res://Resources/Visuals/Environment/Heaven/misc/celist_vez_boss-heaven.png" type="Texture" id=34]
[ext_resource path="res://Resources/Visuals/Environment/Heaven/misc/pusa_látka_boss_vez-heaven.png" type="Texture" id=35]
[ext_resource path="res://Scenes/Technical/Camera_area.tscn" type="PackedScene" id=36]
[ext_resource path="res://Resources/Visuals/Characters/postavy do heavenu/drnofac.png" type="Texture" id=37]
[ext_resource path="res://Resources/Visuals/Environment/New Dawntown/glass2.png" type="Texture" id=38]
[ext_resource path="res://Resources/Visuals/Environment/New Dawntown/glass6.png" type="Texture" id=39]
[ext_resource path="res://Resources/Visuals/Environment/New Dawntown/cloak.png" type="Texture" id=40]
[ext_resource path="res://Resources/Visuals/Environment/Common/shadow/shadowround200.png" type="Texture" id=41]
[ext_resource path="res://Resources/Visuals/Environment/Common/shadow/shadowobdelnik500.png" type="Texture" id=42]
[ext_resource path="res://Resources/Audio/Audio/songs/New downtown (science zone)/New Downtown.wav" type="AudioStream" id=43]
[ext_resource path="res://Resources/Visuals/Environment/Close-T/pipes/pipes_2.png" type="Texture" id=45]
[ext_resource path="res://Resources/Visuals/Environment/Close-T/pipes/pipe_angle.png" type="Texture" id=46]
[ext_resource path="res://Resources/Visuals/Environment/Close-T/pipes/pipes_3.png" type="Texture" id=52]
[ext_resource path="res://Resources/Visuals/Environment/Close-T/pipes/pipe_3.png" type="Texture" id=54]

[sub_resource type="AtlasTexture" id=1]
flags = 4
atlas = ExtResource( 16 )
region = Rect2( 0, 0, 826, 827 )

[sub_resource type="AtlasTexture" id=2]
flags = 4
atlas = ExtResource( 16 )
region = Rect2( 826, 0, 826, 827 )

[sub_resource type="AtlasTexture" id=3]
flags = 4
atlas = ExtResource( 16 )
region = Rect2( 1652, 0, 826, 827 )

[sub_resource type="SpriteFrames" id=4]
animations = [ {
"frames": [ SubResource( 1 ), SubResource( 2 ), SubResource( 3 ) ],
"loop": true,
"name": "default",
"speed": 5.0
} ]

[sub_resource type="AtlasTexture" id=5]
flags = 4
atlas = ExtResource( 22 )
region = Rect2( 0, 0, 826, 827 )

[sub_resource type="AtlasTexture" id=6]
flags = 4
atlas = ExtResource( 22 )
region = Rect2( 826, 0, 826, 827 )

[sub_resource type="AtlasTexture" id=7]
flags = 4
atlas = ExtResource( 22 )
region = Rect2( 1652, 0, 826, 827 )

[sub_resource type="AtlasTexture" id=8]
flags = 4
atlas = ExtResource( 22 )
region = Rect2( 0, 827, 826, 827 )

[sub_resource type="AtlasTexture" id=9]
flags = 4
atlas = ExtResource( 22 )
region = Rect2( 826, 827, 826, 827 )

[sub_resource type="AtlasTexture" id=10]
flags = 4
atlas = ExtResource( 22 )
region = Rect2( 1652, 827, 826, 827 )

[sub_resource type="AtlasTexture" id=11]
flags = 4
atlas = ExtResource( 22 )
region = Rect2( 0, 1654, 826, 827 )

[sub_resource type="AtlasTexture" id=12]
flags = 4
atlas = ExtResource( 22 )
region = Rect2( 826, 1654, 826, 827 )

[sub_resource type="AtlasTexture" id=13]
flags = 4
atlas = ExtResource( 22 )
region = Rect2( 1652, 1654, 826, 827 )

[sub_resource type="AtlasTexture" id=14]
flags = 4
atlas = ExtResource( 22 )
region = Rect2( 0, 2481, 826, 827 )

[sub_resource type="AtlasTexture" id=15]
flags = 4
atlas = ExtResource( 22 )
region = Rect2( 826, 2481, 826, 827 )

[sub_resource type="AtlasTexture" id=16]
flags = 4
atlas = ExtResource( 22 )
region = Rect2( 1652, 2481, 826, 827 )

[sub_resource type="SpriteFrames" id=17]
animations = [ {
"frames": [ SubResource( 5 ), SubResource( 6 ), SubResource( 7 ), SubResource( 8 ), SubResource( 9 ), SubResource( 10 ), SubResource( 11 ), SubResource( 12 ), SubResource( 13 ), SubResource( 14 ), SubResource( 15 ), SubResource( 16 ) ],
"loop": true,
"name": "default",
"speed": 9.0
} ]

[sub_resource type="AtlasTexture" id=18]
flags = 4
atlas = ExtResource( 23 )
region = Rect2( 0, 0, 1090, 780 )

[sub_resource type="AtlasTexture" id=19]
flags = 4
atlas = ExtResource( 23 )
region = Rect2( 1090, 0, 1090, 780 )

[sub_resource type="AtlasTexture" id=20]
flags = 4
atlas = ExtResource( 23 )
region = Rect2( 0, 780, 1090, 780 )

[sub_resource type="AtlasTexture" id=21]
flags = 4
atlas = ExtResource( 23 )
region = Rect2( 1090, 780, 1090, 780 )

[sub_resource type="SpriteFrames" id=22]
animations = [ {
"frames": [ SubResource( 18 ), SubResource( 19 ), SubResource( 20 ), SubResource( 21 ) ],
"loop": true,
"name": "default",
"speed": 5.0
} ]

[sub_resource type="AtlasTexture" id=23]
flags = 4
atlas = ExtResource( 31 )
region = Rect2( 0, 0, 500, 850 )

[sub_resource type="AtlasTexture" id=24]
flags = 4
atlas = ExtResource( 31 )
region = Rect2( 500, 0, 500, 850 )

[sub_resource type="AtlasTexture" id=25]
flags = 4
atlas = ExtResource( 31 )
region = Rect2( 1000, 0, 500, 850 )

[sub_resource type="SpriteFrames" id=26]
animations = [ {
"frames": [ SubResource( 23 ), SubResource( 24 ), SubResource( 25 ) ],
"loop": true,
"name": "default",
"speed": 6.0
} ]

[sub_resource type="AtlasTexture" id=27]
flags = 4
atlas = ExtResource( 33 )
region = Rect2( 0, 0, 209, 205 )

[sub_resource type="AtlasTexture" id=28]
flags = 4
atlas = ExtResource( 33 )
region = Rect2( 209, 0, 209, 205 )

[sub_resource type="AtlasTexture" id=29]
flags = 4
atlas = ExtResource( 33 )
region = Rect2( 418, 0, 209, 205 )

[sub_resource type="AtlasTexture" id=30]
flags = 4
atlas = ExtResource( 33 )
region = Rect2( 627, 0, 209, 205 )

[sub_resource type="SpriteFrames" id=31]
animations = [ {
"frames": [ SubResource( 27 ), SubResource( 28 ), SubResource( 29 ), SubResource( 30 ) ],
"loop": true,
"name": "default",
"speed": 1.0
} ]

[sub_resource type="AtlasTexture" id=32]
flags = 4
atlas = ExtResource( 34 )
region = Rect2( 0, 0, 208, 205 )

[sub_resource type="AtlasTexture" id=33]
flags = 4
atlas = ExtResource( 34 )
region = Rect2( 208, 0, 208, 205 )

[sub_resource type="AtlasTexture" id=34]
flags = 4
atlas = ExtResource( 34 )
region = Rect2( 416, 0, 208, 205 )

[sub_resource type="AtlasTexture" id=35]
flags = 4
atlas = ExtResource( 34 )
region = Rect2( 624, 0, 208, 205 )

[sub_resource type="AtlasTexture" id=36]
flags = 4
atlas = ExtResource( 35 )
region = Rect2( 627, 0, 209, 205 )

[sub_resource type="AtlasTexture" id=37]
flags = 4
atlas = ExtResource( 35 )
region = Rect2( 836, 0, 209, 205 )

[sub_resource type="AtlasTexture" id=38]
flags = 4
atlas = ExtResource( 35 )
region = Rect2( 1045, 0, 209, 205 )

[sub_resource type="AtlasTexture" id=39]
flags = 4
atlas = ExtResource( 34 )
region = Rect2( 0, 205, 208, 205 )

[sub_resource type="AtlasTexture" id=40]
flags = 4
atlas = ExtResource( 34 )
region = Rect2( 208, 205, 208, 205 )

[sub_resource type="AtlasTexture" id=41]
flags = 4
atlas = ExtResource( 34 )
region = Rect2( 416, 205, 208, 205 )

[sub_resource type="AtlasTexture" id=42]
flags = 4
atlas = ExtResource( 34 )
region = Rect2( 624, 205, 208, 205 )

[sub_resource type="SpriteFrames" id=43]
animations = [ {
"frames": [ SubResource( 32 ), SubResource( 33 ), SubResource( 34 ), SubResource( 35 ), SubResource( 34 ), SubResource( 33 ), SubResource( 32 ) ],
"loop": true,
"name": "default",
"speed": 5.0
}, {
"frames": [ SubResource( 36 ), SubResource( 37 ), SubResource( 38 ) ],
"loop": true,
"name": "New Anim 1",
"speed": 10.0
}, {
"frames": [ SubResource( 39 ), SubResource( 40 ), SubResource( 41 ), SubResource( 42 ) ],
"loop": true,
"name": "New Anim",
"speed": 14.0
} ]

[sub_resource type="AtlasTexture" id=44]
flags = 4
atlas = ExtResource( 37 )
region = Rect2( 0, 0, 1772, 4134 )

[sub_resource type="AtlasTexture" id=45]
flags = 4
atlas = ExtResource( 37 )
region = Rect2( 1772, 0, 1772, 4134 )

[sub_resource type="AtlasTexture" id=46]
flags = 4
atlas = ExtResource( 37 )
region = Rect2( 3544, 0, 1772, 4134 )

[sub_resource type="SpriteFrames" id=47]
animations = [ {
"frames": [ SubResource( 44 ), SubResource( 45 ), SubResource( 46 ) ],
"loop": true,
"name": "default",
"speed": 8.0
} ]

[node name="Node2D" type="Node2D"]
script = ExtResource( 32 )

[node name="Background" type="Node2D" parent="."]

[node name="wall" type="Node2D" parent="Background"]
scale = Vector2( 0.5, 0.5 )

[node name="dawntown_wall_laborka_topleftend_3" type="Sprite" parent="Background/wall"]
position = Vector2( -5200, -1120 )
texture = ExtResource( 5 )

[node name="dawntown_wall_laborka_rightend_3" type="Sprite" parent="Background/wall"]
position = Vector2( -416, -320 )
texture = ExtResource( 4 )

[node name="dawntown_wall_laborka_leftend_3" type="Sprite" parent="Background/wall"]
position = Vector2( -5200, -320 )
texture = ExtResource( 6 )

[node name="dawntown_wall_laborka_topleftend_4" type="Sprite" parent="Background/wall"]
position = Vector2( -5978.47, -1119.11 )
texture = ExtResource( 5 )

[node name="dawntown_wall_laborka_leftend_4" type="Sprite" parent="Background/wall"]
position = Vector2( -5978.47, -319.112 )
texture = ExtResource( 6 )

[node name="dawntown_wall_laborka_toprightend_3" type="Sprite" parent="Background/wall"]
position = Vector2( -400, -1120 )
texture = ExtResource( 3 )

[node name="dawntown_wall_laborka_noend_3" type="Sprite" parent="Background/wall"]
position = Vector2( -2000, -320 )
texture = ExtResource( 8 )

[node name="dawntown_wall_laborka_noend_5" type="Sprite" parent="Background/wall"]
position = Vector2( -2800, -320 )
texture = ExtResource( 8 )

[node name="dawntown_wall_laborka_topend_3" type="Sprite" parent="Background/wall"]
position = Vector2( -4400, -320 )
texture = ExtResource( 1 )

[node name="dawntown_wall_laborka_topend_4" type="Sprite" parent="Background/wall"]
position = Vector2( -4400, -1120 )
texture = ExtResource( 1 )

[node name="dawntown_wall_laborka_topend_11" type="Sprite" parent="Background/wall"]
position = Vector2( -3600, -320 )
texture = ExtResource( 1 )

[node name="dawntown_wall_laborka_topend_12" type="Sprite" parent="Background/wall"]
position = Vector2( -3600, -1120 )
texture = ExtResource( 1 )

[node name="dawntown_wall_laborka_topend_7" type="Sprite" parent="Background/wall"]
position = Vector2( -1200, -321.189 )
texture = ExtResource( 1 )

[node name="dawntown_wall_laborka_topend_8" type="Sprite" parent="Background/wall"]
position = Vector2( -1200, -1120 )
texture = ExtResource( 1 )

[node name="dawntown_wall_laborka_topend_21" type="Sprite" parent="Background/wall"]
position = Vector2( -2800, -1122 )
texture = ExtResource( 1 )

[node name="liany na dum 4" type="Sprite" parent="Background/wall"]
position = Vector2( -297.163, -1401.76 )
scale = Vector2( 1.78189, 1.45902 )
texture = ExtResource( 9 )

[node name="liany na dum 3" type="Sprite" parent="Background/wall"]
position = Vector2( -6048, -1168 )
scale = Vector2( 1.74593, 1.3042 )
texture = ExtResource( 9 )

[node name="dawntown_wall_laborka_noend_4" type="Sprite" parent="Background/wall"]
position = Vector2( -2000, -1120 )
texture = ExtResource( 7 )

[node name="dawntown_zaplata_laborka_2" type="Sprite" parent="Background/wall"]
position = Vector2( -3196.99, -653.599 )
rotation = -0.156111
scale = Vector2( 0.703542, 0.732311 )
texture = ExtResource( 11 )

[node name="dawntown_zaplata_laborka_4" type="Sprite" parent="Background/wall"]
position = Vector2( -1514.34, -1536.19 )
rotation = -0.156111
scale = Vector2( 0.703542, 0.732311 )
texture = ExtResource( 11 )

[node name="dawntown_zaplata_laborka" type="Sprite" parent="Background/wall"]
position = Vector2( -4752.63, -908.499 )
scale = Vector2( 0.779627, 0.65897 )
texture = ExtResource( 12 )

[node name="dawntown_zaplata_laborka5" type="Sprite" parent="Background/wall"]
position = Vector2( -816, -720 )
scale = Vector2( 0.360185, 0.312143 )
texture = ExtResource( 12 )

[node name="dawntown_zaplata_laborka4" type="Sprite" parent="Background/wall"]
self_modulate = Color( 0.658824, 0.631373, 0.631373, 1 )
position = Vector2( -2787.48, -1492.95 )
rotation = 1.48451
scale = Vector2( 0.341193, 1.31022 )
texture = ExtResource( 12 )

[node name="dawntown_zaplata_laborka_3" type="Sprite" parent="Background/wall"]
position = Vector2( -1517.76, -725.632 )
rotation = 0.458902
scale = Vector2( 0.600114, 0.715309 )
texture = ExtResource( 11 )

[node name="stuff" type="Node2D" parent="Background"]

[node name="dawntown_laborka_police_stojici" type="Sprite" parent="Background/stuff"]
position = Vector2( -810.356, -183.206 )
scale = Vector2( 0.73, 0.733333 )
texture = ExtResource( 14 )

[node name="shadowobdelnik208" type="Sprite" parent="Background/stuff/dawntown_laborka_police_stojici"]
self_modulate = Color( 1, 1, 1, 0.584314 )
show_behind_parent = true
position = Vector2( -3.60214, -85.3493 )
scale = Vector2( 3.70078, 0.560195 )
texture = ExtResource( 27 )

[node name="shadowobdelnik209" type="Sprite" parent="Background/stuff/dawntown_laborka_police_stojici"]
self_modulate = Color( 1, 1, 1, 0.584314 )
show_behind_parent = true
position = Vector2( -5.65466, -239.096 )
scale = Vector2( 3.70078, 0.984148 )
texture = ExtResource( 27 )

[node name="shadowobdelnik210" type="Sprite" parent="Background/stuff/dawntown_laborka_police_stojici"]
self_modulate = Color( 1, 1, 1, 0.584314 )
show_behind_parent = true
position = Vector2( -1.54969, 48.4768 )
scale = Vector2( 3.86497, 0.652136 )
texture = ExtResource( 27 )

[node name="shadowobdelnik211" type="Sprite" parent="Background/stuff/dawntown_laborka_police_stojici"]
self_modulate = Color( 1, 1, 1, 0.584314 )
show_behind_parent = true
position = Vector2( 10.7652, 203.245 )
scale = Vector2( 3.86497, 0.871774 )
texture = ExtResource( 27 )

[node name="shadowobdelnik212" type="Sprite" parent="Background/stuff/dawntown_laborka_police_stojici"]
self_modulate = Color( 1, 1, 1, 0.584314 )
show_behind_parent = true
position = Vector2( -368.378, -61.0327 )
scale = Vector2( 0.357914, 5.15099 )
texture = ExtResource( 27 )

[node name="shadowobdelnik213" type="Sprite" parent="Background/stuff/dawntown_laborka_police_stojici"]
self_modulate = Color( 1, 1, 1, 0.584314 )
show_behind_parent = true
position = Vector2( 358.986, -71.9664 )
scale = Vector2( 0.357914, 5.15099 )
texture = ExtResource( 27 )

[node name="SceneDoor2" parent="Background/stuff" instance=ExtResource( 28 )]
position = Vector2( -204.597, -223.554 )
scale = Vector2( 1.25, 1.25 )
scene_to_load = "res://Scenes/Levels/Heaven/Level_Heaven_2_2.tscn"
door_type = 3

[node name="dawntown_laborka_stul" type="Sprite" parent="Background"]
position = Vector2( -1448.92, -73.0595 )
scale = Vector2( 0.5, 0.5 )
texture = ExtResource( 17 )

[node name="AnimatedSprite" type="AnimatedSprite" parent="Background/dawntown_laborka_stul"]
position = Vector2( 320.092, -285.812 )
scale = Vector2( 0.25, 0.25 )
frames = SubResource( 4 )
frame = 2
playing = true

[node name="Light2D3" type="Light2D" parent="Background/dawntown_laborka_stul/AnimatedSprite"]
position = Vector2( -6.66758, -97.8119 )
scale = Vector2( 1.01229, 1.18404 )
texture = ExtResource( 15 )
color = Color( 0.223529, 0.435294, 0.843137, 0.435294 )

[node name="Light2D4" type="Light2D" parent="Background/dawntown_laborka_stul/AnimatedSprite"]
position = Vector2( 2186.85, 423.599 )
scale = Vector2( 1.01229, 1.18404 )
texture = ExtResource( 15 )
color = Color( 0.843137, 0.223529, 0.556863, 0.580392 )

[node name="Light2D12" type="Light2D" parent="Background/dawntown_laborka_stul/AnimatedSprite"]
position = Vector2( 3714.2, 1238.19 )
scale = Vector2( 1.01229, 1.18404 )
texture = ExtResource( 15 )
color = Color( 0.258824, 0.223529, 0.843137, 0.580392 )

[node name="glass6" type="Sprite" parent="Background/dawntown_laborka_stul/AnimatedSprite/Light2D12"]
position = Vector2( 44.8232, -51.6542 )
scale = Vector2( 4.36688, 3.18575 )
texture = ExtResource( 39 )

[node name="Light2D7" type="Light2D" parent="Background/dawntown_laborka_stul/AnimatedSprite"]
position = Vector2( 4014.85, 1114.91 )
scale = Vector2( 5.2701, 1.18404 )
texture = ExtResource( 15 )
color = Color( 1, 1, 1, 0.0745098 )

[node name="Light2D8" type="Light2D" parent="Background/dawntown_laborka_stul/AnimatedSprite"]
position = Vector2( 3962.16, 199.599 )
scale = Vector2( 5.2701, 1.18404 )
texture = ExtResource( 15 )
color = Color( 1, 1, 1, 0.0745098 )

[node name="Light2D9" type="Light2D" parent="Background/dawntown_laborka_stul/AnimatedSprite"]
position = Vector2( 3838.85, -592.401 )
scale = Vector2( 5.2701, 1.18404 )
texture = ExtResource( 15 )
color = Color( 1, 1, 1, 0.0745098 )

[node name="Light2D10" type="Light2D" parent="Background/dawntown_laborka_stul/AnimatedSprite"]
position = Vector2( -1173.12, 1313.96 )
scale = Vector2( 3.72331, 1.8359 )
texture = ExtResource( 15 )
color = Color( 1, 1, 1, 0.0509804 )

[node name="Light2D11" type="Light2D" parent="Background/dawntown_laborka_stul/AnimatedSprite"]
position = Vector2( -10608.6, 1212.37 )
scale = Vector2( 3.72331, 1.8359 )
texture = ExtResource( 15 )
color = Color( 1, 1, 1, 0.156863 )

[node name="Light2D6" type="Light2D" parent="Background/dawntown_laborka_stul/AnimatedSprite"]
position = Vector2( 2581.67, 337.976 )
scale = Vector2( 0.482722, 0.896024 )
texture = ExtResource( 15 )
color = Color( 0.223529, 0.843137, 0.321569, 0.356863 )

[node name="Light2D5" type="Light2D" parent="Background/dawntown_laborka_stul/AnimatedSprite"]
position = Vector2( 5021.65, -457.406 )
scale = Vector2( 1.01229, 1.18404 )
texture = ExtResource( 15 )
color = Color( 0.780392, 0.843137, 0.223529, 0.435294 )

[node name="dawntown_laborka_police_nazed_2" type="Sprite" parent="Background/dawntown_laborka_stul"]
position = Vector2( -2985.88, -369 )
texture = ExtResource( 19 )

[node name="dawntown_laborka_stul_2" type="Sprite" parent="Background/dawntown_laborka_stul"]
position = Vector2( -2972, -4.91766 )
texture = ExtResource( 18 )

[node name="AnimatedSprite" type="AnimatedSprite" parent="Background/dawntown_laborka_stul/dawntown_laborka_stul_2"]
position = Vector2( -221.17, -352.426 )
scale = Vector2( 0.520049, 0.433931 )
frames = SubResource( 17 )
frame = 6
playing = true

[node name="Light2D" type="Light2D" parent="Background/dawntown_laborka_stul/dawntown_laborka_stul_2/AnimatedSprite"]
position = Vector2( 5.99219, -118.415 )
scale = Vector2( 0.371322, 1.23128 )
texture = ExtResource( 15 )
color = Color( 0.956863, 0.619608, 0.321569, 1 )

[node name="lahvicka_1" type="Sprite" parent="Background/dawntown_laborka_stul/dawntown_laborka_stul_2"]
position = Vector2( 350.449, -228.542 )
scale = Vector2( 1.08967, 1.18877 )
texture = ExtResource( 30 )

[node name="lahvicka_2" type="Sprite" parent="Background/dawntown_laborka_stul/dawntown_laborka_stul_2/lahvicka_1"]
position = Vector2( -283.811, 5.43399 )
texture = ExtResource( 29 )

[node name="Light2D3" type="Light2D" parent="Background/dawntown_laborka_stul/dawntown_laborka_stul_2/lahvicka_1/lahvicka_2"]
position = Vector2( -11.0282, 11.3282 )
scale = Vector2( 0.133958, 0.150689 )
texture = ExtResource( 15 )
color = Color( 1, 0, 0.890196, 1 )

[node name="Light2D4" type="Light2D" parent="Background/dawntown_laborka_stul/dawntown_laborka_stul_2/lahvicka_1/lahvicka_2"]
position = Vector2( -436.768, 3.78519 )
scale = Vector2( 0.0958916, 0.10184 )
texture = ExtResource( 15 )
color = Color( 1, 0.772549, 0, 1 )

[node name="glass2" type="Sprite" parent="Background/dawntown_laborka_stul/dawntown_laborka_stul_2/lahvicka_1/lahvicka_2/Light2D4"]
position = Vector2( 31.7773, -56.0408 )
scale = Vector2( 4.31594, 4.59206 )
texture = ExtResource( 38 )

[node name="Light2D2" type="Light2D" parent="Background/dawntown_laborka_stul/dawntown_laborka_stul_2/lahvicka_1"]
position = Vector2( 13.2441, 22.6775 )
scale = Vector2( 0.177215, 0.0833769 )
texture = ExtResource( 15 )
color = Color( 0.0941176, 0.937255, 1, 1 )

[node name="lamp_2" type="Sprite" parent="Background/dawntown_laborka_stul"]
position = Vector2( -240, -276.238 )
rotation = 3.14159
scale = Vector2( -0.463, -0.370265 )
texture = ExtResource( 20 )

[node name="Light2D" type="Light2D" parent="Background/dawntown_laborka_stul/lamp_2"]
position = Vector2( 34.5569, 86.4248 )
scale = Vector2( 0.626311, 0.517092 )
texture = ExtResource( 21 )
color = Color( 0.667969, 0.52028, 0.331375, 1 )
energy = 1.2

[node name="slozenepapiry-laborka" type="Sprite" parent="Background/dawntown_laborka_stul"]
position = Vector2( -145, -211.75 )
scale = Vector2( 0.570175, 0.680791 )
texture = ExtResource( 24 )

[node name="papiry-laborka" type="Sprite" parent="Background/dawntown_laborka_stul/slozenepapiry-laborka"]
show_behind_parent = true
position = Vector2( 142.062, 5.5083 )
scale = Vector2( 0.769818, 0.504027 )
texture = ExtResource( 25 )

[node name="perko-laborka" type="Sprite" parent="Background/dawntown_laborka_stul"]
position = Vector2( 127.37, -220.22 )
scale = Vector2( 0.410112, 0.440741 )
texture = ExtResource( 26 )

[node name="shadowobdelnik200" type="Sprite" parent="Background/dawntown_laborka_stul"]
self_modulate = Color( 1, 1, 1, 0.584314 )
show_behind_parent = true
position = Vector2( -2.23242, -161.569 )
scale = Vector2( 5.01357, 0.821619 )
texture = ExtResource( 27 )

[node name="shadowobdelnik206" type="Sprite" parent="Background/dawntown_laborka_stul"]
self_modulate = Color( 1, 1, 1, 0.584314 )
show_behind_parent = true
position = Vector2( -15.2324, 88.931 )
scale = Vector2( 5.01357, 0.546619 )
texture = ExtResource( 27 )

[node name="shadowobdelnik207" type="Sprite" parent="Background/dawntown_laborka_stul"]
self_modulate = Color( 1, 1, 1, 0.584314 )
show_behind_parent = true
position = Vector2( -2978.47, 82.5173 )
scale = Vector2( 5.01357, 0.617972 )
texture = ExtResource( 27 )

[node name="shadowobdelnik201" type="Sprite" parent="Background/dawntown_laborka_stul"]
self_modulate = Color( 1, 1, 1, 0.584314 )
show_behind_parent = true
position = Vector2( -2986.14, -166.713 )
scale = Vector2( 5.01357, 0.821619 )
texture = ExtResource( 27 )

[node name="shadowobdelnik202" type="Sprite" parent="Background/dawntown_laborka_stul"]
self_modulate = Color( 1, 1, 1, 0.584314 )
show_behind_parent = true
position = Vector2( -3417.03, 23.5349 )
scale = Vector2( 0.452666, 2.35872 )
texture = ExtResource( 27 )

[node name="shadowobdelnik203" type="Sprite" parent="Background/dawntown_laborka_stul"]
self_modulate = Color( 1, 1, 1, 0.584314 )
show_behind_parent = true
position = Vector2( -2536.35, 5.82108 )
scale = Vector2( 0.452666, 2.35872 )
texture = ExtResource( 27 )

[node name="shadowobdelnik204" type="Sprite" parent="Background/dawntown_laborka_stul"]
self_modulate = Color( 1, 1, 1, 0.584314 )
show_behind_parent = true
position = Vector2( -451.138, -42.0492 )
scale = Vector2( 0.452666, 3.56825 )
texture = ExtResource( 27 )

[node name="shadowobdelnik205" type="Sprite" parent="Background/dawntown_laborka_stul"]
self_modulate = Color( 1, 1, 1, 0.584314 )
show_behind_parent = true
position = Vector2( 452.737, -34.3152 )
scale = Vector2( 0.452666, 3.20306 )
texture = ExtResource( 27 )

[node name="AnimatedSprite" type="AnimatedSprite" parent="Background"]
position = Vector2( -2632, -680 )
scale = Vector2( 0.312385, 0.239744 )
frames = SubResource( 22 )
frame = 2
playing = true

[node name="AnimatedSprite2" type="AnimatedSprite" parent="Background"]
position = Vector2( -592, -680 )
scale = Vector2( 0.312385, 0.239744 )
frames = SubResource( 22 )
frame = 2
playing = true

[node name="AnimatedSprite4" type="AnimatedSprite" parent="Background"]
position = Vector2( -2184.28, -352.991 )
frames = SubResource( 26 )
frame = 1
playing = true

[node name="AnimatedSprite" type="AnimatedSprite" parent="Background/AnimatedSprite4"]
self_modulate = Color( 1, 1, 1, 0.784314 )
position = Vector2( -3.77245, -138.502 )
rotation = 0.019368
scale = Vector2( 1.07929, 1.10732 )
frames = SubResource( 31 )
frame = 3

[node name="AnimatedSprite2" type="AnimatedSprite" parent="Background/AnimatedSprite4"]
position = Vector2( -2.28882, 52.3635 )
frames = SubResource( 43 )
frame = 4
playing = true

[node name="cloak" type="Sprite" parent="."]
position = Vector2( -447.523, -155.749 )
scale = Vector2( 0.487949, 0.741499 )
texture = ExtResource( 40 )

[node name="shadowround200" type="Sprite" parent="cloak"]
self_modulate = Color( 1, 1, 1, 0.486275 )
show_behind_parent = true
position = Vector2( 62.5543, 90.3567 )
scale = Vector2( 1, 2.00809 )
texture = ExtResource( 41 )

[node name="shadowround201" type="Sprite" parent="cloak"]
self_modulate = Color( 1, 1, 1, 0.486275 )
show_behind_parent = true
position = Vector2( 57.9432, -52.9341 )
scale = Vector2( 0.759196, 2.42954 )
texture = ExtResource( 41 )

[node name="shadowround202" type="Sprite" parent="cloak"]
self_modulate = Color( 1, 1, 1, 0.486275 )
show_behind_parent = true
position = Vector2( 48.3886, -167.766 )
scale = Vector2( 0.558131, 1.37505 )
texture = ExtResource( 41 )

[node name="shadowobdelnik500" type="Sprite" parent="cloak"]
self_modulate = Color( 1, 1, 1, 0.411765 )
show_behind_parent = true
position = Vector2( -42.8472, -6.9896 )
scale = Vector2( 0.163408, 1.66607 )
texture = ExtResource( 42 )

[node name="AnimatedSprite" type="AnimatedSprite" parent="cloak"]
position = Vector2( -2831.72, -144.178 )
scale = Vector2( 0.317374, 0.189332 )
frames = SubResource( 47 )
playing = true

[node name="NPC2" parent="." instance=ExtResource( 2 )]
position = Vector2( -1809.51, -261.744 )

[node name="Player2" parent="." instance=ExtResource( 10 )]
position = Vector2( -859.176, -210.542 )

[node name="Light2D" type="Light2D" parent="Player2"]
position = Vector2( 15.4664, 44.3064 )
scale = Vector2( 0.515625, 0.703125 )
texture = ExtResource( 15 )
color = Color( 1, 1, 1, 0.254902 )

[node name="Forground" type="Node2D" parent="."]

[node name="floor" type="Node2D" parent="Forground"]

[node name="booth_13" type="Sprite" parent="Forground"]
self_modulate = Color( 0.533333, 0.541176, 0.560784, 1 )
position = Vector2( -3513.98, -666.464 )
rotation = -1.5708
scale = Vector2( 2, 1 )
texture = ExtResource( 13 )

[node name="booth_14" type="Sprite" parent="Forground"]
self_modulate = Color( 0.533333, 0.541176, 0.560784, 1 )
position = Vector2( -3512.56, 183.478 )
rotation = -1.5708
scale = Vector2( 2, 1 )
texture = ExtResource( 13 )

[node name="booth_3" type="Sprite" parent="Forground"]
self_modulate = Color( 0.533333, 0.541176, 0.560784, 1 )
position = Vector2( -2359.75, 342.749 )
scale = Vector2( 2, -1 )
texture = ExtResource( 13 )

[node name="booth_11" type="Sprite" parent="Forground"]
self_modulate = Color( 0.533333, 0.541176, 0.560784, 1 )
position = Vector2( -3122.39, 343.475 )
scale = Vector2( 2, -1 )
texture = ExtResource( 13 )
flip_h = true

[node name="booth_4" type="Sprite" parent="Forground"]
self_modulate = Color( 0.533333, 0.541176, 0.560784, 1 )
position = Vector2( -1502.07, 346.382 )
scale = Vector2( 2, -1 )
texture = ExtResource( 13 )

[node name="booth_5" type="Sprite" parent="Forground"]
self_modulate = Color( 0.533333, 0.541176, 0.560784, 1 )
position = Vector2( -648.486, 348.36 )
scale = Vector2( 2, -1 )
texture = ExtResource( 13 )

[node name="booth_6" type="Sprite" parent="Forground"]
self_modulate = Color( 0.533333, 0.541176, 0.560784, 1 )
position = Vector2( -132.37, 351.901 )
scale = Vector2( 2, -1 )
texture = ExtResource( 13 )

[node name="booth_7" type="Sprite" parent="Forground"]
self_modulate = Color( 0.533333, 0.541176, 0.560784, 1 )
position = Vector2( -2575, -1069.58 )
scale = Vector2( 2, 1 )
texture = ExtResource( 13 )

[node name="booth_12" type="Sprite" parent="Forground"]
self_modulate = Color( 0.533333, 0.541176, 0.560784, 1 )
position = Vector2( -3255.36, -1073.36 )
scale = Vector2( 2, 1 )
texture = ExtResource( 13 )
flip_h = true

[node name="booth_15" type="Sprite" parent="Forground"]
self_modulate = Color( 0.533333, 0.541176, 0.560784, 1 )
position = Vector2( 310.592, -435.436 )
rotation = 1.5708
scale = Vector2( 2, 1 )
texture = ExtResource( 13 )

[node name="booth_16" type="Sprite" parent="Forground"]
self_modulate = Color( 0.533333, 0.541176, 0.560784, 1 )
position = Vector2( 312.006, 414.506 )
rotation = 1.5708
scale = Vector2( 2, 1 )
texture = ExtResource( 13 )

[node name="booth_17" type="Sprite" parent="Forground"]
self_modulate = Color( 0.533333, 0.541176, 0.560784, 1 )
position = Vector2( 309.568, -974.753 )
rotation = 1.5708
scale = Vector2( 2, 1 )
texture = ExtResource( 13 )

[node name="booth_8" type="Sprite" parent="Forground"]
self_modulate = Color( 0.533333, 0.541176, 0.560784, 1 )
position = Vector2( -1716.73, -1073.73 )
scale = Vector2( 2, 1 )
texture = ExtResource( 13 )

[node name="booth_9" type="Sprite" parent="Forground"]
self_modulate = Color( 0.533333, 0.541176, 0.560784, 1 )
position = Vector2( -863.149, -1078.45 )
scale = Vector2( 2, 1 )
texture = ExtResource( 13 )

[node name="booth_10" type="Sprite" parent="Forground"]
self_modulate = Color( 0.533333, 0.541176, 0.560784, 1 )
position = Vector2( -347.033, -1078.5 )
scale = Vector2( 2, 1 )
texture = ExtResource( 13 )

[node name="StaticBody2D" type="StaticBody2D" parent="."]

[node name="CollisionPolygon2D" type="CollisionPolygon2D" parent="StaticBody2D"]
position = Vector2( 0, 24 )
polygon = PoolVector2Array( 0, 0, 0, 40, -3192, 32, -3192, 0 )

[node name="CollisionPolygon2D2" type="CollisionPolygon2D" parent="StaticBody2D"]
position = Vector2( -8, -1907.76 )
polygon = PoolVector2Array( 24, 1115.76, 24, 1939.76, -8, 1939.76, -8, 1155.76, -3176, 1163.76, -3184, 1931.76, -3232, 1931.76, -3224, 1131.76 )

[node name="CanvasModulate" type="CanvasModulate" parent="."]
color = Color( 0.454902, 0.454902, 0.454902, 1 )

[node name="light" type="Node2D" parent="."]
position = Vector2( -2920, -928 )
scale = Vector2( 2.05284, 1.97178 )

[node name="Light2D16" type="Light2D" parent="light"]
texture = ExtResource( 15 )
color = Color( 0.717647, 0.537255, 0.827451, 1 )
energy = 0.3
mode = 2

[node name="Light2D21" type="Light2D" parent="light"]
position = Vector2( 348.785, 323.587 )
scale = Vector2( 0.265499, 0.209523 )
texture = ExtResource( 15 )
color = Color( 0.717647, 0.537255, 0.827451, 1 )
energy = 0.3
mode = 2

[node name="Light2D17" type="Light2D" parent="light"]
position = Vector2( 736.542, -89.2596 )
texture = ExtResource( 15 )
color = Color( 0.717647, 0.537255, 0.827451, 1 )
energy = 0.3
mode = 2

[node name="Light2D18" type="Light2D" parent="light"]
position = Vector2( 709.262, 657.275 )
texture = ExtResource( 15 )
color = Color( 0.411765, 0.309804, 0.47451, 0.529412 )
energy = 0.3
mode = 2

[node name="Light2D20" type="Light2D" parent="light"]
position = Vector2( -244.332, 645.889 )
texture = ExtResource( 15 )
color = Color( 0.717647, 0.537255, 0.827451, 1 )
energy = 0.3
mode = 2

[node name="Light2D19" type="Light2D" parent="light"]
position = Vector2( 1547.13, 48.687 )
texture = ExtResource( 15 )
color = Color( 0.717647, 0.537255, 0.827451, 1 )
energy = 0.3
mode = 2

[node name="Light2D2" type="Light2D" parent="light"]
position = Vector2( 1461.39, 377.324 )
scale = Vector2( 1.01994, 0.727035 )
texture = ExtResource( 15 )
color = Color( 0.596078, 0.713726, 0.913725, 0.0745098 )

[node name="Light2D4" type="Light2D" parent="light"]
position = Vector2( 1130.14, 63.0091 )
scale = Vector2( 0.312068, 0.56955 )
texture = ExtResource( 15 )
color = Color( 0.984314, 0.760784, 0.494118, 0.47451 )
__meta__ = {
"_editor_description_": "w"
}

[node name="Light2D5" type="Light2D" parent="light"]
position = Vector2( 144.191, 89.2595 )
scale = Vector2( 0.312068, 0.56955 )
texture = ExtResource( 15 )
color = Color( 0.984314, 0.760784, 0.494118, 0.47451 )
__meta__ = {
"_editor_description_": "w"
}

[node name="Light2D3" type="Light2D" parent="light"]
position = Vector2( 367.941, 330.634 )
scale = Vector2( 0.381044, 0.837918 )
texture = ExtResource( 15 )
color = Color( 0.352941, 0.486275, 0.317647, 0.980392 )

[node name="Light2D10" type="Light2D" parent="light"]
position = Vector2( 780.867, 398.259 )
scale = Vector2( 0.381044, 0.837918 )
texture = ExtResource( 15 )
color = Color( 1, 1, 1, 0.215686 )

[node name="Light2D6" type="Light2D" parent="light"]
position = Vector2( 364.439, 222.225 )
scale = Vector2( 0.282026, 0.203864 )
texture = ExtResource( 15 )
color = Color( 0.494118, 0.909804, 0, 0.305882 )

[node name="Light2D11" type="Light2D" parent="light"]
position = Vector2( 544.108, 339.248 )
scale = Vector2( 0.192178, 0.462428 )
texture = ExtResource( 15 )
color = Color( 0.952941, 0.717647, 0.717647, 0.411765 )

[node name="Light2D7" type="Light2D" parent="light"]
position = Vector2( 360.064, 322.558 )
scale = Vector2( 0.0791172, 0.0643274 )
texture = ExtResource( 15 )
color = Color( 0.494118, 0.909804, 0, 0.372549 )

[node name="Light2D8" type="Light2D" parent="light"]
position = Vector2( 305.358, 235.244 )
scale = Vector2( 0.0791172, 0.0643274 )
texture = ExtResource( 15 )
color = Color( 0.192157, 0.870588, 0, 0.529412 )

[node name="Light2D9" type="Light2D" parent="light"]
position = Vector2( 407.288, 236.856 )
scale = Vector2( 0.0791172, 0.0643274 )
texture = ExtResource( 15 )
color = Color( 0.192157, 0.870588, 0, 0.529412 )

[node name="Camera_area" parent="." instance=ExtResource( 36 )]
position = Vector2( -818.619, -210.245 )
scale = Vector2( 41.0568, 39.4356 )
zoom = Vector2( 1.3, 1.3 )
left = -3296
top = -832
right = 64
bottom = 112

[node name="AudioStreamPlayer" type="AudioStreamPlayer" parent="."]
stream = ExtResource( 43 )
volume_db = -80.0
pitch_scale = 1.1
autoplay = true

[node name="CanvasLayer" type="CanvasLayer" parent="."]
layer = 2
follow_viewport_enable = true
follow_viewport_scale = 1.6

[node name="Sprite18" type="Sprite" parent="CanvasLayer"]
self_modulate = Color( 0.298039, 0.329412, 0.364706, 1 )
position = Vector2( -686.032, -207.05 )
rotation = 1.69342
scale = Vector2( 1.09299, 1.09299 )
texture = ExtResource( 52 )
centered = false

[node name="Sprite19" type="Sprite" parent="CanvasLayer"]
self_modulate = Color( 0.298039, 0.329412, 0.364706, 1 )
position = Vector2( -396.262, -169.421 )
rotation = 1.69342
scale = Vector2( 1.09299, 1.09299 )
texture = ExtResource( 52 )
centered = false
flip_v = true

[node name="Sprite6" type="Sprite" parent="CanvasLayer"]
self_modulate = Color( 0.298039, 0.329412, 0.364706, 1 )
position = Vector2( -798.233, -389.932 )
rotation = -1.64934
scale = Vector2( 0.872783, 0.872783 )
texture = ExtResource( 45 )
centered = false

[node name="trubka" type="Sprite" parent="CanvasLayer"]
self_modulate = Color( 0.298039, 0.329412, 0.364706, 1 )
position = Vector2( -2665.84, -605.227 )
rotation = 1.5708
texture = ExtResource( 54 )
centered = false

[node name="trubka2" type="Sprite" parent="CanvasLayer"]
self_modulate = Color( 0.298039, 0.329412, 0.364706, 1 )
position = Vector2( -2341.49, -605.567 )
rotation = 1.5708
texture = ExtResource( 54 )
centered = false
flip_v = true

[node name="Sprite15" type="Sprite" parent="CanvasLayer"]
self_modulate = Color( 0.298039, 0.329412, 0.364706, 1 )
position = Vector2( -3144.85, -769.046 )
rotation = -6.28319
scale = Vector2( 0.872783, 0.872783 )
texture = ExtResource( 46 )
centered = false

[node name="Sprite16" type="Sprite" parent="CanvasLayer"]
self_modulate = Color( 0.298039, 0.329412, 0.364706, 1 )
position = Vector2( -2388.95, -768.339 )
rotation = -6.28319
scale = Vector2( 0.872783, 0.872783 )
texture = ExtResource( 46 )
centered = false
flip_h = true

[node name="booth_18" type="Sprite" parent="CanvasLayer"]
self_modulate = Color( 0.298039, 0.329412, 0.364706, 1 )
position = Vector2( -2010.89, -947.08 )
scale = Vector2( 2, 1 )
texture = ExtResource( 13 )

[node name="booth_19" type="Sprite" parent="CanvasLayer"]
self_modulate = Color( 0.298039, 0.329412, 0.364706, 1 )
position = Vector2( -2691.25, -950.86 )
scale = Vector2( 2, 1 )
texture = ExtResource( 13 )
flip_h = true

[node name="booth_23" type="Sprite" parent="CanvasLayer"]
self_modulate = Color( 0.298039, 0.329412, 0.364706, 1 )
position = Vector2( -3485.81, -950.735 )
scale = Vector2( 2, 1 )
texture = ExtResource( 13 )

[node name="booth_24" type="Sprite" parent="CanvasLayer"]
self_modulate = Color( 0.298039, 0.329412, 0.364706, 1 )
position = Vector2( -4166.17, -954.515 )
scale = Vector2( 2, 1 )
texture = ExtResource( 13 )
flip_h = true

[node name="booth_20" type="Sprite" parent="CanvasLayer"]
self_modulate = Color( 0.298039, 0.329412, 0.364706, 1 )
position = Vector2( -1152.62, -951.23 )
scale = Vector2( 2, 1 )
texture = ExtResource( 13 )

[node name="booth_21" type="Sprite" parent="CanvasLayer"]
self_modulate = Color( 0.298039, 0.329412, 0.364706, 1 )
position = Vector2( -299.036, -955.951 )
scale = Vector2( 2, 1 )
texture = ExtResource( 13 )

[node name="booth_22" type="Sprite" parent="CanvasLayer"]
self_modulate = Color( 0.298039, 0.329412, 0.364706, 1 )
position = Vector2( 217.08, -956 )
scale = Vector2( 2, 1 )
texture = ExtResource( 13 )

[node name="booth_25" type="Sprite" parent="CanvasLayer"]
self_modulate = Color( 0.298039, 0.329412, 0.364706, 1 )
position = Vector2( -1897.94, 192.128 )
rotation = 3.14159
scale = Vector2( 2, 1 )
texture = ExtResource( 13 )

[node name="booth_26" type="Sprite" parent="CanvasLayer"]
self_modulate = Color( 0.298039, 0.329412, 0.364706, 1 )
position = Vector2( -2578.3, 188.348 )
rotation = 3.14159
scale = Vector2( 2, 1 )
texture = ExtResource( 13 )
flip_h = true

[node name="booth_27" type="Sprite" parent="CanvasLayer"]
self_modulate = Color( 0.298039, 0.329412, 0.364706, 1 )
position = Vector2( -3372.86, 188.474 )
rotation = 3.14159
scale = Vector2( 2, 1 )
texture = ExtResource( 13 )

[node name="booth_28" type="Sprite" parent="CanvasLayer"]
self_modulate = Color( 0.298039, 0.329412, 0.364706, 1 )
position = Vector2( -4053.23, 184.694 )
rotation = 3.14159
scale = Vector2( 2, 1 )
texture = ExtResource( 13 )
flip_h = true

[node name="booth_29" type="Sprite" parent="CanvasLayer"]
self_modulate = Color( 0.298039, 0.329412, 0.364706, 1 )
position = Vector2( -1039.67, 187.978 )
rotation = 3.14159
scale = Vector2( 2, 1 )
texture = ExtResource( 13 )

[node name="booth_30" type="Sprite" parent="CanvasLayer"]
self_modulate = Color( 0.298039, 0.329412, 0.364706, 1 )
position = Vector2( -186.09, 183.258 )
rotation = 3.14159
scale = Vector2( 2, 1 )
texture = ExtResource( 13 )

[node name="booth_31" type="Sprite" parent="CanvasLayer"]
self_modulate = Color( 0.298039, 0.329412, 0.364706, 1 )
position = Vector2( 330.025, 183.208 )
rotation = 3.14159
scale = Vector2( 2, 1 )
texture = ExtResource( 13 )
