[gd_scene load_steps=4 format=2]

[ext_resource path="res://Resources/Visuals/Environment/New Dawntown/zdi/dawntown_zaplata_laborka.png" type="Texture" id=1]
[ext_resource path="res://Scenes/Props/Environment/BasicFire.tscn" type="PackedScene" id=2]
[ext_resource path="res://Scripts/Props/FlameWheel.gd" type="Script" id=3]

[node name="FlameWheel" type="Position2D"]
rotation = 6.28319
script = ExtResource( 3 )
fullRotationTime = 6

[node name="Sprite" type="Sprite" parent="."]
scale = Vector2( 0.5, 0.5 )
texture = ExtResource( 1 )

[node name="BasicFire" parent="Sprite" instance=ExtResource( 2 )]
position = Vector2( 0, -1050 )
scale = Vector2( 2, 2 )
animation = "default"
frame = 4
isTimed = false

[node name="BasicFire2" parent="Sprite" instance=ExtResource( 2 )]
position = Vector2( 0, 1050 )
scale = Vector2( 2, -2 )
animation = "default"
frame = 3
isTimed = false

[node name="BasicFire3" parent="Sprite" instance=ExtResource( 2 )]
position = Vector2( 1010, 0 )
rotation = 1.5708
scale = Vector2( 2, 2 )
animation = "default"
frame = 3
isTimed = false

[node name="BasicFire4" parent="Sprite" instance=ExtResource( 2 )]
position = Vector2( -1000, 0 )
rotation = -1.5708
scale = Vector2( 2, 2 )
animation = "default"
frame = 2
isTimed = false

[node name="RotateTween" type="Tween" parent="."]
